<?xml version="1.0" encoding="utf-8"?>
<record xmlns="http://www.loc.gov/MARC21/slim" xmlns:xsi="http://www.w3.org/2001/XMLSchema-instance" xsi:schemaLocation="http://www.loc.gov/MARC21/slim http://www.loc.gov/standards/marcxml/schema/MARC21slim.xsd">
	<leader>
		01940nam a2200373   4500
	</leader>
	<controlfield tag="001">
		9260668
	</controlfield>
	<controlfield tag="003">
		NNC
	</controlfield>
	<controlfield tag="006">
		m        d        
	</controlfield>
	<controlfield tag="007">
		cr cn |||m|||a
	</controlfield>
	<controlfield tag="008">
		151102s1939    ua      o     000 0 ara d
	</controlfield>
	<datafield ind1=" " ind2=" " tag="040">
		<subfield code="a">
			NNU
		</subfield>
		<subfield code="b">
			eng
		</subfield>
		<subfield code="e">
			rda
		</subfield>
		<subfield code="c">
			NNU
		</subfield>
	</datafield>
	<datafield ind1=" " ind2=" " tag="043">
		<subfield code="a">
			aw-----
		</subfield>
		<subfield code="a">
			ff-----
		</subfield>
		<subfield code="a">
			e-sp---
		</subfield>
	</datafield>
	<datafield ind1=" " ind2="4" tag="050">
		<subfield code="a">
			D199
		</subfield>
		<subfield code="b">
			.T12 1939
		</subfield>
	</datafield>
	<datafield ind1="0" ind2=" " tag="100">
		<subfield code="a">
			al-Tabari,
		</subfield>
		<subfield code="d">
			838-923.
		</subfield>
	</datafield>
	<datafield ind1="1" ind2="0" tag="245">
		<subfield code="a">
			Tārīkh al-umam wa-al-mulūk,
		</subfield>
		<subfield code="c">
			li-al-Imām Abī Ja ʻfar Muh̥ammad ibn Jarīr al-T̥abarī; qūbilat hādhihi al-t̥abʻah ʻalá al-nuskhah al-mat̥būʻah bi-mat̮baʻat Birīl bimadīnat Līdin fī sanat 1879.
		</subfield>
	</datafield>
	<datafield ind1=" " ind2=" " tag="260">
		<subfield code="a">
			al-Qāhirah,
		</subfield>
		<subfield code="b">
			Mat̥ba ʻat al-Istiqāmah,
		</subfield>
		<subfield code="c">
			1939.
		</subfield>
	</datafield>
	<datafield ind1=" " ind2=" " tag="300">
		<subfield code="a">
			online resource (8 volumes)
		</subfield>
	</datafield>
	<datafield ind1=" " ind2=" " tag="336">
		<subfield code="a">
			text
		</subfield>
		<subfield code="2">
			rdacontent
		</subfield>
	</datafield>
	<datafield ind1=" " ind2=" " tag="337">
		<subfield code="a">
			computer
		</subfield>
		<subfield code="2">
			rdamedia
		</subfield>
	</datafield>
	<datafield ind1=" " ind2=" " tag="338">
		<subfield code="a">
			online resource
		</subfield>
		<subfield code="2">
			rdacarrier
		</subfield>
	</datafield>
	<datafield ind1=" " ind2=" " tag="500">
		<subfield code="a">
			Part of the Arabic Collections Online (ACO) project, contributed by Columbia University Libraries.
		</subfield>
	</datafield>
	<datafield ind1=" " ind2=" " tag="533">
		<subfield code="a">
			Electronic reproduction.
		</subfield>
		<subfield code="b">
			New York, N.Y. :
		</subfield>
		<subfield code="c">
			New York University,
		</subfield>
		<subfield code="d">
			2015.
		</subfield>
		<subfield code="5">
			NNU
		</subfield>
	</datafield>
	<datafield ind1=" " ind2="0" tag="651">
		<subfield code="a">
			Islamic Empire
		</subfield>
		<subfield code="x">
			History.
		</subfield>
	</datafield>
	<datafield ind1=" " ind2="7" tag="651">
		<subfield code="a">
			Islamic Empire.
		</subfield>
		<subfield code="2">
			fast
		</subfield>
		<subfield code="0">
			(OCoLC)fst01244134
		</subfield>
	</datafield>
	<datafield ind1=" " ind2="7" tag="655">
		<subfield code="a">
			History.
		</subfield>
		<subfield code="2">
			fast
		</subfield>
		<subfield code="0">
			(OCoLC)fst01411628
		</subfield>
	</datafield>
	<datafield ind1="2" ind2=" " tag="710">
		<subfield code="a">
			Columbia University.
		</subfield>
		<subfield code="b">
			Libraries.
		</subfield>
	</datafield>
	<datafield ind1="0" ind2=" " tag="730">
		<subfield code="a">
			Arabic Collections Online.
		</subfield>
	</datafield>
	<datafield ind1="0" ind2="8" tag="776">
		<subfield code="i">
			Online version:
		</subfield>
		<subfield code="a">
			al-Tabari, 838-923.
		</subfield>
		<subfield code="t">
			Tārīkh al-umam wa-al-mulūk.
		</subfield>
		<subfield code="d">
			al-Qāhirah, Mat̥ba ʻat al-Istiqāmah, 1939
		</subfield>
		<subfield code="w">
			(OCoLC)568326073
		</subfield>
	</datafield>
	<datafield ind1="0" ind2="8" tag="776">
		<subfield code="i">
			Print version:
		</subfield>
		<subfield code="a">
			al-Tabari, 838-923.
		</subfield>
		<subfield code="t">
			Tārīkh al-umam wa-al-mulūk
		</subfield>
		<subfield code="w">
			(NNC)9260668
		</subfield>
		<subfield code="w">
			(OCoLC)23515871
		</subfield>
	</datafield>
	<datafield ind1="4" ind2="0" tag="856">
		<subfield code="u">
			http://hdl.handle.net/2333.1/gtht79f6
		</subfield>
	</datafield>
	<datafield ind1="4" ind2="0" tag="856">
		<subfield code="u">
			http://hdl.handle.net/2333.1/gtht79f6
		</subfield>
	</datafield>
	<datafield ind1=" " ind2=" " tag="959">
		<subfield code="a">
			NNU
		</subfield>
		<subfield code="b">
			WEB
		</subfield>
		<subfield code="c">
			GENI
		</subfield>
		<subfield code="t">
			0
		</subfield>
		<subfield code="m">
			Electronic access
		</subfield>
		<subfield code="s">
			01
		</subfield>
	</datafield>
	<datafield ind1=" " ind2=" " tag="959">
		<subfield code="a">
			NNU
		</subfield>
		<subfield code="b">
			WEB
		</subfield>
		<subfield code="c">
			GENI
		</subfield>
		<subfield code="t">
			0
		</subfield>
		<subfield code="m">
			Electronic access
		</subfield>
		<subfield code="s">
			01
		</subfield>
	</datafield>
	<datafield ind1=" " ind2=" " tag="999">
		<subfield code="i">
			NNC_9260668
		</subfield>
		<subfield code="o">
			(OCoLC)ocm23515871 
		</subfield>
		<subfield code="s">
			columbia_aco001334:v.3
		</subfield>
		<subfield code="s">
			columbia_aco001335:v.4
		</subfield>
		<subfield code="s">
			columbia_aco001336:v.5
		</subfield>
		<subfield code="s">
			columbia_aco001337:v.6
		</subfield>
		<subfield code="s">
			columbia_aco001338:v.7
		</subfield>
		<subfield code="s">
			columbia_aco001339:v.8
		</subfield>
		<subfield code="e">
			(ERROR-880)
		</subfield>
	</datafield>
</record>
